@article{TEST:TEST,
    author = {H.Kopka},
    title = {A Guide to TEST},
    publisher = {Addison-Wesley},
    year = {1999},
}
